@misc{vgg16paper,
  doi = {10.48550/ARXIV.1409.1556},
  
  url = {https://arxiv.org/abs/1409.1556},
  
  author = {Simonyan, Karen and Zisserman, Andrew},
  
  keywords = {Computer Vision and Pattern Recognition (cs.CV), FOS: Computer and information sciences, FOS: Computer and information sciences},
  
  title = {Very Deep Convolutional Networks for Large-Scale Image Recognition},
  
  publisher = {arXiv},
  
  year = {2014},
  
  copyright = {arXiv.org perpetual, non-exclusive license}
}

@article{dropoutPaper,
  author  = {Nitish Srivastava and Geoffrey Hinton and Alex Krizhevsky and Ilya Sutskever and Ruslan Salakhutdinov},
  title   = {Dropout: A Simple Way to Prevent Neural Networks from Overfitting},
  journal = {Journal of Machine Learning Research},
  year    = {2014},
  volume  = {15},
  number  = {56},
  pages   = {1929-1958},
  url     = {http://jmlr.org/papers/v15/srivastava14a.html}
}

@misc{batchnorm,
  doi = {10.48550/ARXIV.1502.03167},
  
  url = {https://arxiv.org/abs/1502.03167},
  
  author = {Ioffe, Sergey and Szegedy, Christian},
  
  keywords = {Machine Learning (cs.LG), FOS: Computer and information sciences, FOS: Computer and information sciences},
  
  title = {Batch Normalization: Accelerating Deep Network Training by Reducing Internal Covariate Shift},
  
  publisher = {arXiv},
  
  year = {2015},
  
  copyright = {arXiv.org perpetual, non-exclusive license}
}
